@book{stochastic,
  title={Stochastic differential equations},
  author={Kloeden, Peter E and Platen, Eckhard and Kloeden, Peter E and Platen, Eckhard},
  year={1992},
  publisher={Springer}
}

@article{gower,
    author = {Gower TL, Pastey MK, Peeples ME, Collins PL, McCurdy LH, Hart TK, Guth A, Johnson TR, Graham BS},
    title = {RhoA Signaling Is Required for Respiratory Syncytial Virus-Induced Syncytium Formation and Filamentous Virion Morphology},
    publisher = {J Virol},
    year = {2005}
}

@article{rsv,
    author = {Arenas AJ, González-Parra G, Moraño JA},
    title = {Stochastic modeling of the transmission of respiratory syncytial virus (RSV) in the region of Valencia, Spain},
    journal = {Biosystems},
    year = {2009}
}

@article{weber,
    author = {Andreas Weber, Martin Weber, Paul Milligan},
    title = {Modeling epidemics caused by respiratory syncytial virus (RSV)},
    journal = {Mathematical Biosciences},
    year = {2001}
}

@ARTICLE{2020SciPy-NMeth,
  author  = {Virtanen, Pauli and Gommers, Ralf and Oliphant, Travis E. and
            Haberland, Matt and Reddy, Tyler and Cournapeau, David and
            Burovski, Evgeni and Peterson, Pearu and Weckesser, Warren and
            Bright, Jonathan and {van der Walt}, St{\'e}fan J. and
            Brett, Matthew and Wilson, Joshua and Millman, K. Jarrod and
            Mayorov, Nikolay and Nelson, Andrew R. J. and Jones, Eric and
            Kern, Robert and Larson, Eric and Carey, C J and
            Polat, {\.I}lhan and Feng, Yu and Moore, Eric W. and
            {VanderPlas}, Jake and Laxalde, Denis and Perktold, Josef and
            Cimrman, Robert and Henriksen, Ian and Quintero, E. A. and
            Harris, Charles R. and Archibald, Anne M. and
            Ribeiro, Ant{\^o}nio H. and Pedregosa, Fabian and
            {van Mulbregt}, Paul and {SciPy 1.0 Contributors}},
  title   = {{{SciPy} 1.0: Fundamental Algorithms for Scientific
            Computing in Python}},
  journal = {Nature Methods},
  year    = {2020},
  volume  = {17},
  pages   = {261--272},
  adsurl  = {https://rdcu.be/b08Wh},
  doi     = {10.1038/s41592-019-0686-2},
}

@article{rk45family,
  title={A family of embedded Runge-Kutta formulae},
  author={Dormand, John R and Prince, Peter J},
  journal={Journal of computational and applied mathematics},
  volume={6},
  number={1},
  pages={19--26},
  year={1980},
  publisher={Elsevier}
}

@article{jing,
  title={SARS-CoV-2 infection causes immunodeficiency in recovered patients by downregulating CD19 expression in B cells via enhancing B-cell metabolism},
  author={Jing Y, Luo L, Chen Y, Westerberg LS, Zhou P, Xu Z, Herrada AA, Park CS, Kubo M, Mei H, Hu Y, Lee PP, Zheng B, Sui Z, Xiao W, Gong Q, Lu Z, Liu C},
  journal={Signal Transduct Target Ther},
  volume={6},
  number={1},
  pages={345},
  year={2021},
  doi={10.1038/s41392-021-00749-3}
}

@article{raya,
  title={Why has the epidemiology of RSV changed during the COVID-19 pandemic?},
  author={Abu-Raya B, Viñeta Paramo M, Reicherz F, Lavoie PM},
  journal={EClinicalMedicine},
  volume={61},
  pages={102089},
  year={2023},
  doi={10.1016/j.eclinm.2023.102089}
}